############# TrustZone

@inproceedings{TrustDump,
  author = {Sun, He and Sun, Kun and Jing, Jiwu and Jajodia, Sushil},
  title     = {TrustDump: Reliable Memory Acquisition on Smartphones},
  booktitle = {European Symposium on Research in Computer Security (ESORICS)},
  year      = {2014},
}

@inproceedings{SPROBES,
  title={SPROBES: Enforcing Kernel Code Integrity on the TrustZone Architecture},
  author={Ge, Xinyang and Vijayakumar, Hayawardh and Jaeger, Trent},
  booktitle = {Mobile Security Technologies (MoST)},
  year={2014}
}

@inproceedings{TZ-RKP,
 author = {Azab, Ahmed M. and Ning, Peng and Shah, Jitesh and Chen, Quan and Bhutkar, Rohan and Ganesh, Guruprasad and Ma, Jia and Shen, Wenbo},
 title = {Hypervision Across Worlds: Real-time Kernel Protection from the ARM TrustZone Secure World},
 booktitle = {Proceedings of the 2014 ACM SIGSAC Conference on Computer and Communications Security (CCS)},
 year = {2014},
} 

@inproceedings{DroidVault,
  title={DroidVault: A Trusted Data Vault for Android Devices},
  author={Li, Xiaolei and Hu, Hong and Bai, Guangdong and Jia, Yaoqi and Liang, Zhenkai and Saxena, Prateek},
  booktitle={Engineering of Complex Computer Systems (ICECCS), 2014 19th International Conference on},
}

@inproceedings{TLR,
 author = {Santos, Nuno and Raj, Himanshu and Saroiu, Stefan and Wolman, Alec},
 title = {Using ARM Trustzone to Build a Trusted Language Runtime for Mobile Applications},
 booktitle = {Proceedings of the 19th International Conference on Architectural Support for Programming Languages and Operating Systems (ASPLOS)},
 year = {2014},
}

@inproceedings{VeriUI,
 author = {Liu, Dongtao and Cox, Landon P.},
 title = {VeriUI: Attested Login for Mobile Devices},
 booktitle = {Proceedings of the 15th Workshop on Mobile Computing Systems and Applications (HotMobile)},
 year = {2014},
}

@inproceedings{TrustUI,
	author = {Li, Wenhao and Ma, Mingyang and Han, Jinchen and Xia, Yubin and Zang, Binyu and Chu, Cheng-Kang and Li, Tieyan},
	title = {Building Trusted Path on Untrusted Device Drivers for Mobile Devices},
	booktitle = {Proceedings of 5th Asia-Pacific Workshop on Systems (APSys)},
	year = {2014},
}

@inproceedings{TrustSensor,
 author = {Liu, He and Saroiu, Stefan and Wolman, Alec and Raj, Himanshu},
 title = {Software Abstractions for Trusted Sensors},
 booktitle = {Proceedings of the 10th International Conference on Mobile Systems, Applications, and Services},
 series = {MobiSys},
 year = {2012},
} 

###################### Facial 

@inproceedings{Chen-Sensor,
	author = {Chen, Shaxun and Pande, Amit and Mohapatra, Prasant},
	title = {Sensor-assisted Facial Recognition: An Enhanced Biometric Authentication System for Smartphones},
	booktitle = {Proceedings of the 12th Annual International Conference on Mobile Systems, Applications, and Services},
	series = {MobiSys},
	year = {2014},
}

@INPROCEEDINGS{Pan-ICCV, 
	author={Gang Pan and Lin Sun and Zhaohui Wu and Shihong Lao}, 
	booktitle={Computer Vision, 2007. ICCV 2007. IEEE 11th International Conference on}, 
	title={Eyeblink-based Anti-Spoofing in Face Recognition from a Generic Webcamera}, 
}


@article{Chaua-3D,
	author = {Chaua C. Queirolo and Luciano Silva and Olga R.P. Bellon and Mauricio Pamplona Segundo},
	title = {3D Face Recognition Using Simulated Annealing and the Surface Interpenetration Measure},
	journal ={IEEE Transactions on Pattern Analysis and Machine Intelligence},
	year = {2010},
}

@ARTICLE{Blanz-3D, 
	author={Blanz, V. and Vetter, T.}, 
	journal={Pattern Analysis and Machine Intelligence, IEEE Transactions on}, 
	title={Face recognition based on fitting a 3D morphable model}, 
	year={2003}, 
}

@ARTICLE{Wang-PAMI, 
	author={Yueming Wang and Jianzhuang Liu and Xiaoou Tang}, 
	journal={Pattern Analysis and Machine Intelligence, IEEE Transactions on}, 
	title={Robust 3D Face Recognition by Local Shape Difference Boosting}, 
	year={2010}, 
}

@INPROCEEDINGS{Amberg-FG, 
	author={Amberg, B. and Knothe, R. and Vetter, T.}, 
	booktitle={Automatic Face Gesture Recognition, 2008. FG '08. 8th IEEE International Conference on}, 
	title={Expression invariant 3D face recognition with a Morphable Model}, 
}

@inproceedings{cmu-finger,
	author = {Karthikeyan, Shri and Feng, Sophia and Rao, Ashwini and Sadeh, Norman},
	title = {Smartphone Fingerprint Authentication versus PINs: A Usability Study},
	booktitle = {Technical Reports: CMU-CyLab-14-012},
	year = {2014},
}

@ARTICLE{Jain-MSU, 
	author={Jain, A.K. and Nandakumar, K.}, 
	journal={Computer}, 
	title={Biometric Authentication: System Security and User Privacy}, 
	year={2012}, 
}

################### Attacks
@inproceedings{Hand-Secret,
	author = {Shukla, Diksha and Kumar, Rajesh and Serwadda, Abdul and Phoha, Vir V.},
 	title = {Beware, Your Hands Reveal Your Secrets!},
 	booktitle = {Proceedings of the 2014 ACM SIGSAC Conference on Computer and Communications Security},
 	series = {CCS '14},
}


################ Link
@misc{Google-ARM,
	title = "{Update from the CEO}",
	howpublished =
		"{\url{http://googleblog.blogspot.co.uk/2013/03/update-from-ceo.html}}"
}

@misc{imx53qsb,
	title = "{IMX53QSB: i.MX53 Quick Start Board}",
	howpublished =
		"{\url{http://www.freescale.com/webapp/sps/site/prod_summary.jsp?code=IMX53QSB}}"
}

@misc{imx6sabrelite,

	title = "{BD-SL-i.MX6}",
	howpublished =
		"{\url{http://boundarydevices.com/product/sabre-lite-imx6-sbc/}}"
}

@misc{imx53-secure,
	title = "{i.MX53 Security Reference Manual}",
}

@misc{xv6,
	title = "{Xv6, a simple Unix-like teaching operating system}",
	howpublished =
		"{\url{http://pdos.csail.mit.edu/6.828/2014/xv6.html}}"
}

@misc{iphone,
	title = "{Security. Right at your Ô¨Ångertip}",
	howpublished =
		"{\url{https://www.apple.com/iphone-6/touch-id/}}"
}

@misc{face-unlock,
	title = "{How to set up Face Unlock on your Android phone}",
	howpublished =
		"{\url{http://goo.gl/NFg609}}"
}

@misc{android-attack,
	title = "{Android 4.0 Face Unlock feature defeated using a photo [Video]}",
	howpublished =
		"{\url{http://goo.gl/5cgFGz}}"
}
